@article{HSABibliography,
	title="Glad Sad Mad Retrospectives",
	author="Steven Thomas",
	year="2013",
	month="September",
	day="30",
	url="http://itsadeliverything.com/glad-sad-mad-retrospectives"
}
	
@article{StarfishBibliography,
	title="Starfish",
	author="Paulo Caroli, Taina TC Caetano",
	year="2012",
	month="August",
	day="29",
	url="http://www.funretrospectives.com/starfish/"
}

@article{ScrumHarvardBib,
	title="The New New Product Development Game.",
	author="Takeuchi Hirotaka, Ikujiro Nonaka",
	publisher="Harvard Business Review",
	year="1986",
	month="January",
	pages="137-146",
}

@article{SpeedboatBibliography,
	title="A Guide For Retrospectives",
	author="Jason Benton",
	year="2013",
	month="July",
	day="30",
	url="http://www.slideshare.net/jasonfbenton/a-guide-toretrospectives"
}

@article{ArticleStateOfAgile,
	title="VersionOne: 9th Annual State of Agile Survey. Technical report",
	author="VersionOne",
	year="2015",
	url="https://www.versionone.com/pdf/state-of-agile-development-survey-ninth.pdf"
}

@article{AntonyMarcanoUS,
	title="OLD FAVOURITE: FEATURE INJECTION USER STORIES ON A BUSINESS VALUE THEME",
	author="Antony Marcano",
	year="2011",
	month="March",
	day="24",
	url="http://antonymarcano.com/blog/2011/03/fi_stories/"
}

@article{MikeCohnUS,
	title="Advantages of the “As a user, I want” user story template.",
	author="Mike Cohn",
	year="2008",
	month="April",
	day="25",
	url="http://www.mountaingoatsoftware.com/blog/advantages-of-the-as-a-user-i-want-user-story-template"
}


@article{anonymousRetro,
	title="The Power of Anonymous Retrospectives",
	author="Rui Miguel Ferreira",
	year="2014",
	month="June",
	day="18",
	url="https://www.infoq.com/news/2014/06/power-anonymous-retrospectives"
}

@article{retroBook,
	title="Getting Value out of Agile Retrospectives: A toolbox of Retrospective Excersises",
	author="Luis Goncalves, Ben Linders",
	year="2014",
	month="July",
	day="10",
	url="https://www.infoq.com/news/2014/06/power-anonymous-retrospectives",
	pages="18-20,23-24"
}
@article{dosanddonts,
	title="Do's and Don'ts of Agile Retrospectives",
	author="Hesham Amin",
	year="2014",
	month="July",
	day="28",
	url="https://www.scrumalliance.org/community/articles/2014/july/dos-and-don-ts-of-agile-retrospectives"
}

@article{CandyLoveBibliography,
	title="Candy Love",
	author="Paulo Caroli, Taina TC Caetano",
	url="http://www.funretrospectives.com/candy-love/"
	}
	
@article{360Bibliography,
	title="360 degrees appreciation",
	author="Paulo Caroli, Taina TC Caetano",
	url="http://www.funretrospectives.com/360-degrees-appreciation/"
}

@article{4Ls,
	title={"4 Ls: Liked – Learned – Lacked – Longed For"},
	author="Paulo Caroli, Taina TC Caetano",
	url="http://www.funretrospectives.com/the-4-ls-liked-learned-lacked-longed-for/"
}

@article{MiguelGames,
	title={"Improving Software Projects Inception Phase Using Games ActiveAction Workshop"},
	author="Miguel Ehécatl Morales-Trujillo, Hanna Oktaba, Juan Carlos González",
	year="2014",
}	
	
@article{ForbesArticle,
	title="How To Increase Productivity By Employee Happiness",
	author="Martin Zwilling",
	year="2014",
	month="December",
	day="2",
	url="http://www.forbes.com/sites/martinzwilling/2014/12/02/how-to-squeeze-productivity-from-employee-happiness/#6a0860b01de5"
	}
@article{HarvardArticle,
	title="Positive Intelligence",
	author="Shawn Achor",
	year="2012",
	month="January-February",
	url="https://hbr.org/2012/01/positive-intelligence"
	}
	
@book{ScrumBook,
	title="Essential Scrum: A Practical Guide to the Most Popular Agile Process",
	author="Kenneth S. Rubin",
	year="2012",
	month="July",
    day = "26"
}

@book{AgileBook,
	title="Agile Game Development with Scrum",
	author="Clinton Keith",
	publisher="Addison-Wesley Professional",
	year="2010",
	month="May",
	pages="13"
}



@book{ScrumBook2,
	title="McGraw-Hill Education ACP Agile Certified Practitioner Exam",
	author="Klaus Nielsen",
	year="2016",
	month="March",
    day = "11"
}


@article { AgileManifesto,
    title = "Agile Manifesto",
    author = "Kent Beck, and Mike Beedle, and Arie van Bennekum, and Alistair Cockburn, and Ward Cunningham, and Martin Fowler, and Robert C. Martin, and Steve Mellor, and Dave Thomas, and James Grenning, and Jim Highsmith, and Andrew Hunt, and Ron Jeffries, and Jon Kern, and Brian Marick, and Ken Schwaber, and Jeff Sutherland"
}